<record><leader>00000cas a2200000 a 4500</leader><controlfield tag="001">9497055</controlfield><controlfield tag="008">830510d18811881miuwr ne      0    0eng  </controlfield><datafield ind1=" " ind2=" " tag="010"><subfield code="a">sn 83016156 </subfield></datafield><datafield ind1=" " ind2=" " tag="040"><subfield code="a">DLC</subfield><subfield code="b">eng</subfield><subfield code="c">DLC</subfield><subfield code="d">MHN</subfield><subfield code="d">OCL</subfield><subfield code="d">OCLCQ</subfield><subfield code="d">OCLCO</subfield><subfield code="d">OCLCF</subfield></datafield><datafield ind1="1" ind2=" " tag="029"><subfield code="a">AU@</subfield><subfield code="b">000025835498</subfield></datafield><datafield ind1=" " ind2=" " tag="042"><subfield code="a">pcc</subfield></datafield><datafield ind1=" " ind2=" " tag="043"><subfield code="a">n-us-mi</subfield></datafield><datafield ind1="0" ind2="0" tag="050"><subfield code="a">Newspaper 8407</subfield></datafield><datafield ind1="0" ind2="0" tag="245"><subfield code="a">Benton Harbor times and palladium.</subfield></datafield><datafield ind1=" " ind2=" " tag="260"><subfield code="a">Benton Harbor, Mich. :</subfield><subfield code="b">W.H. Marston,</subfield><subfield code="c">1881.</subfield></datafield><datafield ind1=" " ind2=" " tag="300"><subfield code="a">v. :</subfield><subfield code="b">ill. (chiefly advertisements) ;</subfield><subfield code="c">65 cm.</subfield></datafield><datafield ind1=" " ind2=" " tag="310"><subfield code="a">Weekly</subfield></datafield><datafield ind1="0" ind2=" " tag="362"><subfield code="a">-Oct. 14, 1881.</subfield></datafield><datafield ind1=" " ind2=" " tag="500"><subfield code="a">"Republican." Cf. Ayer, 1882.</subfield></datafield><datafield ind1=" " ind2=" " tag="580"><subfield code="a">Formed by the union of: Benton Harbor times, and: Benton Harbor palladium. Cf. Gregory, Amer. newspapers.</subfield></datafield><datafield ind1=" " ind2=" " tag="588"><subfield code="a">Description based on: July 15, 1881.</subfield></datafield><datafield ind1=" " ind2="0" tag="651"><subfield code="a">Benton Harbor (Mich.)</subfield><subfield code="v">Newspapers.</subfield></datafield><datafield ind1=" " ind2="0" tag="651"><subfield code="a">Berrien County (Mich.)</subfield><subfield code="v">Newspapers.</subfield></datafield><datafield ind1=" " ind2="7" tag="655"><subfield code="a">Newspapers.</subfield><subfield code="2">fast</subfield><subfield code="0">(OCoLC)fst01423814</subfield></datafield><datafield ind1=" " ind2="7" tag="651"><subfield code="a">Michigan</subfield><subfield code="z">Benton Harbor.</subfield><subfield code="2">fast</subfield><subfield code="0">(OCoLC)fst01216377</subfield></datafield><datafield ind1=" " ind2="7" tag="651"><subfield code="a">Michigan</subfield><subfield code="z">Berrien County.</subfield><subfield code="2">fast</subfield><subfield code="0">(OCoLC)fst01203031</subfield></datafield><datafield ind1=" " ind2=" " tag="752"><subfield code="a">United States</subfield><subfield code="b">Michigan</subfield><subfield code="c">Berrien</subfield><subfield code="d">Benton Harbor.</subfield></datafield><datafield ind1="1" ind2="4" tag="780"><subfield code="t">Benton Harbor times</subfield><subfield code="w">(DLC)sn 83016157</subfield><subfield code="w">(OCoLC)9496918</subfield></datafield><datafield ind1="1" ind2="4" tag="780"><subfield code="t">Benton Harbor palladium</subfield><subfield code="w">(DLC)sn 83016141</subfield><subfield code="w">(OCoLC)9491734</subfield></datafield><datafield ind1="0" ind2="0" tag="785"><subfield code="t">Times and palladium</subfield><subfield code="w">(DLC)sn 83016140</subfield><subfield code="w">(OCoLC)9491218</subfield></datafield></record>